@article{WhyFunctional,
  journal = "Research Topics in Functional Programming",
  title   = "Why Functional Programming Matters",
  author  = "John Hughes",
  url     = "https://www.cs.kent.ac.uk/people/staff/dat/miranda/whyfp90.pdf",
  year    = 1990
}
@book{LambdaAndCombinatorsIntro,
  title  = "Lambda-Calculus and Combinators, an Introduction",
  author = "J Roger Hindley and Jonathan P Seldin",
  isbn   = 9780521898850,
  url    = "https://www.cambridge.org/9780521898850",
  year   = 2008,
  publisher = "Cambridge University Press"
}
@book{IntroToAutomata,
  title = "Introduction to automata theory, languages, and computation",
  author = "John E Hopcroft and Jeffrey D Ullman",
  isbn = "81-7808-347-7",
  url = "https://archive.org/details/introductiontoau00hopc",
  year = 1979,
  publisher = "Addison-Wesley"
}
@article{RecursiveFunctions,
  journal = "AI Memos",
  title   = "Recursive Functions of Symbolic Expressions and Their Computation by Machine, Part I",
  author  = "John McCarthy",
  url     = "http://www-formal.stanford.edu/jmc/recursive.pdf",
  year    = 1990
}
@book{TuringEnigma,
   title =     "Alan Turing: The Enigma",
   author =    {Andrew Hodges},
   publisher = {Springer Vienna},
   isbn =      {978-3-7091-5832-6,978-3-7091-9381-5},
   year =      {1994},
   series =    {Computerkultur 1},
   url =       {http://gen.lib.rus.ec/book/index.php?md5=3042dc648aefe74ea810e78a7ec23b63}
}
@book{OnLisp,
  title  = "On Lisp: Advanced Techniques for Common Lisp",
  author = "Paul Graham",
  publisher = "self-published",
  year   = 1993,
  url    = "https://sep.yimg.com/ty/cdn/paulgraham/onlisp.pdf?t=1595850613&"
}
@misc{ScalaTypeEncoding,
  title  = "Scala type level encoding of the SKI calculus",
  author = "Michid",
  publisher = "self-published",
  year   = 2010,
  url    = "https://michid.wordpress.com/2010/01/29/scala-type-level-encoding-of-the-ski-calculus/"
}